% This file was created with JabRef 2.10.
% Encoding: MacRoman


@Article{automata,
  Title                    = {{A Cellular Automata Model of the Heart and Its Coupling with a Qualitative Model}},
  Author                   = {P. Siregar et.al},
  Journal                  = {Comp. and Biomed Res.},
  Year                     = {1996}
}

@InProceedings{ibv,
  Title                    = {{Model Based Design Verification - A Monitor Based Approach}},
  Author                   = {C. Ackermann and A. Ray and R. Cleaveland and J. Heit and C. Martin and C. Shelton},
  Booktitle                = {SAE World Congress},
  Year                     = {2008}
}

@Article{med4,
  Title                    = {{Propagation of Depolarization and Repolarization Processes in the Myocardium - An Anisotropic Model}},
  Author                   = {D. R. Adam},
  Journal                  = {IEEE Transactions on Biomedical Engineering},
  Year                     = {1991},
  Number                   = {2},
  Pages                    = {133-141},
  Volume                   = {38}
}

@Article{ep_sim,
  Title                    = {{A Simple Two-variable Model of Cardiac Excitation}},
  Author                   = {R. R. Aliev and A. V. Panfilov},
  Journal                  = {Chaos, Solitons \& Fractals},
  Year                     = {1996},
  Number                   = {3},
  Pages                    = {293 - 301},
  Volume                   = {7}
}

@Book{CIS540,
  Title                    = {{Text book draft: Principle of Embedded Computation}},
  Author                   = {R. Alur},
  Year                     = {2011}
}

@Book{timed-aut,
  Title                    = {{Timed Automata}},
  Author                   = {R. Alur},
  Publisher                = {Lecture Notes in Computer Science, Springer},
  Year                     = {1999}
}

@Article{med-form2,
  Title                    = {{Formal Specifications and Analysis of the Computer-Assisted Resuscitation Algorithm (CARA) Infusion Pump Control System}},
  Author                   = {Alur, R. and Arney, D. and Gunter, E. L. and Lee, I. and Lee, J. and Nam, W. and Pearce, F. and Van Albert, S. and Zhou, J.},
  Journal                  = {Intl. Journal on Software Tools for Technology Transfer (STTT)},
  Year                     = {2004},
  Pages                    = {308-319},
  Volume                   = {5},

  Issue                    = {4}
}

@InProceedings{TCTL,
  Title                    = {Model-checking for real-time systems},
  Author                   = {Alur, R. and Courcoubetis, C. and Dill, D.},
  Booktitle                = {Logic in Computer Science, 1990. LICS '90, Proceedings., Fifth Annual IEEE Symposium on e},
  Year                     = {1990},
  Pages                    = {414-425}
}

@Article{alur-hyb,
  Title                    = {{The algorithmic analysis of hybrid systems}},
  Author                   = {R. Alur and C. Courcoubetis and N. Halbwachs and S. Yovine et. al},
  Journal                  = {Theoretical Computer Science},
  Year                     = {1995},
  Number                   = {1},
  Volume                   = {138}
}

@Article{timed_automata,
  Title                    = {{A Theory of Timed Automata}},
  Author                   = {R. Alur and D. L. Dill},
  Journal                  = {Theoretical Computer Science},
  Year                     = {1994},
  Pages                    = {183-235},
  Volume                   = {126},

  Issue                    = {2}
}

@InProceedings{alur_emsoft08,
  Title                    = {{Symbolic Analysis for Improving Simulation Coverage of Simulink/Stateflow Models}},
  Author                   = {Alur, R. and Kanade, A. and Ramesh, S. and Shashidhar, K. C.},
  Booktitle                = {Proc. 8th ACM Intl. Conf. on Embedded Software (EMSOFT)},
  Year                     = {2008},
  Pages                    = {89--98}
}

@InProceedings{rajeev,
  Title                    = {{Symbolic Analysis for Improving Simulation Coverage of Simulink/Stateflow Models}},
  Author                   = {Alur, Rajeev and Kanade, Aditya and Ramesh, S. and Shashidhar, K. C.},
  Booktitle                = {Proceedings of the 8th ACM international conference on Embedded software},
  Year                     = {2008},
  Pages                    = {89-98},
  Series                   = {EMSOFT '08}
}

@InProceedings{gip,
  Title                    = {Formal Methods Based Development of a {PCA} Infusion Pump Reference Model: {G}eneric {I}nfusion {P}ump ({GIP}) Project},
  Author                   = {D. Arney and R. Jetley and P. Jones and I. Lee and O. Sokolsky},
  Booktitle                = {Joint Workshop on High Confidence Medical Devices, Software, and Systems and Medical Device Plug-and-Play Interoperability {(IEEE HCMDSS-MDPNP)}},
  Year                     = {2007},
  Pages                    = {23--33}
}

@InProceedings{med-form3,
  Title                    = {{Formal Methods Based Development of a PCA Infusion Pump Reference Model: Generic Infusion Pump (GIP) Project}},
  Author                   = {Arney, D. and Jetley, R. and Jones, P. and Insup Lee and Sokolsky, O.},
  Booktitle                = {High Confidence Medical Devices, Software, and Systems and Medical Device Plug-and-Play Interoperability, 2007. HCMDSS-MDPnP. Joint Workshop on},
  Year                     = {2007},
  Pages                    = {23 -33}
}

@InProceedings{iccps10,
  Title                    = {Toward patient safety in closed-loop medical device systems},
  Author                   = {Arney, David and Pajic, Miroslav and Goldman, Julian M. and Lee, Insup and Mangharam, Rahul and Sokolsky, Oleg},
  Booktitle                = {ACM/IEEE International Conference on Cyber-Physical Systems},
  Year                     = {2010},
  Pages                    = {33--38}
}

@InProceedings{predicate,
  Title                    = {Automatic Predicate Abstraction of C Programs},
  Author                   = {Ball, Thomas and Majumdar, Rupak and Millstein, Todd and Rajamani, Sriram K.},
  Booktitle                = {Proceedings of the ACM SIGPLAN 2001 Conference on Programming Language Design and Implementation},
  Year                     = {2001},
  Pages                    = {203--213}
}

@Book{pacemaker,
  Title                    = {{Cardiac Pacemakers Step by Step}},
  Author                   = {S. Barold and R. Stroobandt and A. Sinnaeve},
  Publisher                = {Blackwell Futura},
  Year                     = {2004}
}

@Article{med2,
  Title                    = {{A Model Study of Changes in Excitability of Ventricular Muscle Cells}},
  Author                   = {J. Beaumont and D. C. Michaels and M. Delmar and J. Davidenko and J. Jalife},
  Journal                  = {Am. J. Physiol. 268 (Heart Circ Physiol. 37)},
  Year                     = {1995}
}

@Article{uppaal_tut,
  Title                    = {{A Tutorial on Uppaal}},
  Author                   = {Gerd Behrmann and Alexandre David and Kim G. Larsen},
  Journal                  = {Formal Methods for the Design of Real-Time Systems, Lecture Notes in Computer Science},
  Year                     = {2004},
  Pages                    = {200-236}
}

@Article{med1,
  Title                    = {{Simulation of Cardiac Activity and the ECG using a Heart Model with a Reaction-Diffusion Action Potential}},
  Author                   = {O. Berenfeld and S. Abboud},
  Journal                  = {Med. Eng. Phys. Vol. 18, pp. 615-625},
  Year                     = {1996}
}

@Article{ecg_sim,
  Title                    = {{Towards the numerical simulation of electrocardiograms}},
  Author                   = {M. Boulakia and MA Fernandez and JF Gerbeau and N. Zemzemi},
  Journal                  = {FIMH'07},
  Year                     = {2007}
}

@Article{automotive_testing,
  Title                    = {{Model-Based Testing of Automotive Systems}},
  Author                   = {E. Bringmann and A. Kr\"amer},
  Journal                  = {IEEE Intl. Conf. on Software Testing, Verification, and Validation},
  Year                     = {2008},
  Pages                    = {485-493}
}

@Article{SF2VHD,
  Title                    = {{SF2VHD: StateFlow to VHDL Translator}},
  Author                   = {K. Camera},
  Year                     = {2001},

  Publisher                = {Masters Thesis, UC Berkeley}
}

@Article{marta,
  Title                    = {Quantitative verification of implantable cardiac pacemakers over hybrid heart models },
  Author                   = {Taolue Chen and Marco Diciolla and Marta Kwiatkowska and Alexandru Mereacre},
  Journal                  = {Information and Computation },
  Year                     = {2014},
  Number                   = {0},
  Pages                    = {87 - 101},
  Volume                   = {236}
}

@Article{CEGAR,
  Title                    = {{Counter Example-Guided Abstraction Refinement for Symbolic Model Checking}},
  Author                   = {Clarke, Edmund and Grumberg, Orna and Jha, Somesh and Lu, Yuan and Veith, Helmut},
  Journal                  = {J. ACM},
  Year                     = {2003},
  Number                   = {5},
  Pages                    = {752--794},
  Volume                   = {50},

  Issue_date               = {September 2003}
}

@InProceedings{Clarke,
  Title                    = {Design and Synthesis of Synchronization Skeletons Using Branching-Time Temporal Logic},
  Author                   = {Clarke, Edmund M. and Emerson, E. Allen},
  Booktitle                = {Logic of Programs, Workshop},
  Year                     = {1982},
  Pages                    = {52--71}
}

@Article{form-meth,
  Title                    = {{Formal Methods: State of the Art and Future Directions}},
  Author                   = {Edmund M. Clarke and Jeannette M. Wing},
  Journal                  = {ACM Computing Surveys},
  Year                     = {1996},
  Pages                    = {626--643},
  Volume                   = {28}
}

@Article{testing_imd,
  Title                    = {{Testing Implantable Medical Devices}},
  Author                   = {J. M. Cortner},
  Journal                  = {Global Healthcare Medical Device Manufacturing Technology},
  Year                     = {2003},
  Pages                    = {2-4}
}

@Article{Macedo,
  Title                    = {{Incremental Development of a Distributed Real-Time Model of a Cardiac Pacing System using VDM}},
  Author                   = {Macedo H. D. and Larsen P. G. and Fitzgerald J. },
  Journal                  = {Formal Methods},
  Year                     = {2008},
  Pages                    = {28-30}
}

@Article{ref_period,
  Title                    = {{The Effects of Cycle Length on Cardiac Refractory Periods in Man}},
  Author                   = {P. Denes and D. Wu and R. Dhingra and R. J. Pietras and K. M Rosen},
  Journal                  = {Circulation},
  Year                     = {1974},
  Pages                    = {32-41},
  Volume                   = {49}
}

@Book{Devices2006,
  Title                    = {{Ensuring the Safety of Marketed Medical Devices}},
  Author                   = {Center for Devices and Radiological Health},
  Publisher                = {US FDA },
  Year                     = {2006}
}

@Book{medstats2,
  Title                    = {{Ensuring the Safety of Marketed Medical Devices: CDRH's Medical Device Postmarket Safety Program}},
  Author                   = {Center for Devices and Radiological Health},
  Year                     = {2006},
  Month                    = {Jan},

  Day                      = {18}
}

@Book{sanjay,
  Title                    = {Cardiac Pacemakers},
  Author                   = {S. Dixit and F.E. Marchlinski},
  Publisher                = {Springer},
  Year                     = {2007}
}

@Article{eventb,
  Title                    = {{Pacemaker's Functional Behaviors in Event-B.}},
  Author                   = {{Dominique Mery and Neeraj Kumar Singh}},
  Journal                  = {Research Report},
  Year                     = {2009}
}

@Book{forth_handbook,
  Title                    = {FORTH Programmer's Handbook},
  Author                   = {E. K. Conklin, E. D. Rather},
  Publisher                = {FORTH Inc},
  Year                     = {2007}
}

@Book{neuro,
  Title                    = {Intelligent Control Strategies for Neurostimulation},
  Author                   = {J. Echauz and H. Firpi and G. Georgoulas},
  Publisher                = {Applications of Intelligent Control to Engineering Systems, Springer},
  Year                     = {2009}
}

@Book{fogoros,
  Title                    = {{EP Testing}},
  Author                   = {R.N. Fogoros},
  Publisher                = {Blackwell Science},
  Year                     = {1999}
}

@Article{act_pot,
  Title                    = {{Cycle Length Dependence of Human Action Potential Duration In vivo}},
  Author                   = {M. R. Franz and C. D. Swerdlow and L. B. Liem and J. Schaefer},
  Journal                  = {The Journal of Clinical Investigation},
  Year                     = {1988},
  Number                   = {3},
  Pages                    = {972-979},
  Volume                   = {82}
}

@Article{medsw,
  Title                    = {"Software for Medical Systems"},
  Author                   = {J. Geisler},
  Journal                  = {"Mission-Critical and Safety-Critical Systems Handbook"},
  Year                     = {2010},
  Pages                    = {147-148}
}

@InProceedings{challenge2,
  Title                    = {{Formal Specification of a Cardiac Pacing System}},
  Author                   = {Gomes, A. O. and Oliveira, M. V.},
  Booktitle                = {Proceedings of the 2nd World Congress on Formal Methods},
  Year                     = {2009},
  Pages                    = {692--707},
  Publisher                = {Springer-Verlag},
  Series                   = {FM '09}
}

@Article{Gomes,
  Title                    = {{Formal Specification of a Cardiac Pacing System}},
  Author                   = {A. O. Gomes and M. V. Oliveira},
  Journal                  = {{In Proceedings of the 2nd World Congress on Formal Methods (FM '09)}},
  Year                     = {2009},
  Pages                    = {692-707}
}

@Article{med3,
  Title                    = {{A Computer Model of Normal Conduction in the Human Atria}},
  Author                   = {D. Harrild and C. Henriquez},
  Journal                  = {Circ. Res.},
  Year                     = {2000},
  Pages                    = {e25-36},
  Volume                   = {87},

  Issue                    = {7}
}

@Article{icd_recall,
  Title                    = {"Lessons From the Failure and Recall of an Implantable Cardioverter-Defibrillator"},
  Author                   = {R. G. Hauser and B. J. Maron},
  Journal                  = {"American Heart Association, Circulation"},
  Year                     = {2005},
  Pages                    = {2040-2042}
}

@Article{tinyos,
  Title                    = {{System Architecture Directions for Network Sensors}},
  Author                   = {J. Hill and R. Szewczyk and A. Woo and S. Hollar and D. Culler and K. Pister},
  Journal                  = {ASPLOS},
  Year                     = {2000}
}

@Article{microstructure,
  Title                    = {{Cardiac Microstructure: Implications for Electrical Propagation and Defibrillation in the heart}},
  Author                   = {D. Hooks and K. Tomlinson and S. Marsden and I. LeGrice and B. Smaill and A. Pullan and P. Hunter},
  Journal                  = {{Circulation Research}},
  Year                     = {2002},
  Pages                    = {331-338},
  Volume                   = {91},

  Issue                    = {4}
}

@Article{fiber,
  Title                    = {{Myocardial Fiber Orientation Mapping Using Reduced Encoding Diffusion Tensor Imaging}},
  Author                   = {E.W. Hsu and C.S. Henriquez},
  Journal                  = {Journal of Cardiovascular Magnetic Resonance},
  Year                     = {2001},
  Number                   = {4},
  Pages                    = {339-347},
  Volume                   = {3}
}

@Article{full_heart,
  Title                    = {{Modeling Total Heart Function}},
  Author                   = {P. J. Hunter and A. Pullan and B. Smaill},
  Journal                  = {Annual Review of Biomedical Engineering},
  Year                     = {2003},
  Number                   = {1},
  Pages                    = {147-177},
  Volume                   = {5}
}

@Article{lint,
  Title                    = {{Checking C Programs with Lint}},
  Author                   = {{I. F. Darwin}},
  Journal                  = {{OÕReilly}},
  Year                     = {1988}
}

@InProceedings{radu,
  Title                    = {Compositionality Results for Cardiac Cell Dynamics},
  Author                   = {Islam, Md. Ariful and Murthy, Abhishek and Girard, Antoine and Smolka, Scott A. and Grosu, Radu},
  Booktitle                = {Proceedings of the 17th International Conference on Hybrid Systems},
  Year                     = {2014},
  Pages                    = {243--252},
  Series                   = {HSCC '14}
}

@InCollection{challenge3,
  Title                    = {{Assurance Cases in Model-Driven Development of the Pacemaker Software}},
  Author                   = {Jee, E. and Lee, I. and Sokolsky, O.},
  Booktitle                = {Leveraging Applications of Formal Methods, Verification, and Validation},
  Year                     = {2010},
  Pages                    = {343-356},
  Series                   = {LNCS},
  Volume                   = {6416}
}

@Article{Jee,
  Title                    = {{A Safety-Assured Development Approach for Real-Time Software}},
  Author                   = {Jee, E. and Wang, S. and Kim, J. K. and Lee, J. and Sokolsky, O. and Lee, I.},
  Journal                  = {{The Proceedings of 16th IEEE International Conference on Embedded and Real-Time Computing Systems and Applications}},
  Year                     = {2010},
  Pages                    = {133-142}
}

@Article{formal_fda,
  Title                    = {{A Formal Methods Approach to Medical Device Review}},
  Author                   = {R. Jetley and S. P. Iyer and P. L. Jones},
  Journal                  = {IEEE Computer},
  Year                     = {2006},
  Pages                    = {61-67},
  Volume                   = {39}
}

@Article{regar_tech,
  Title                    = {{Tech Report: Abstraction-Tree For Closed-loop Model Checking of Medical Devices}},
  Author                   = {Z. Jiang and H. Abbas and PJ. Mosterman and R. Mangharam},
  Journal                  = {http://repository.upenn.edu/mlab$\_$papers/73},
  Year                     = {2015}
}

@Article{vhm_embc10,
  Title                    = {{Using the Virtual Heart Model to Validate the Mode-Switch Pacemaker Operation}},
  Author                   = {Z. Jiang and A. Connolly and R. Mangharam},
  Journal                  = {{IEEE Engineering in Medicine and Biology Society}},
  Year                     = {2010},
  Pages                    = {6690 -6693}
}

@Article{vhm_embc11,
  Title                    = {{Modeling Cardiac Pacemaker Malfunctions with the Virtual Heart Model}},
  Author                   = {Z. Jiang and R. Mangharam},
  Journal                  = {{33rd Intl. Conf. IEEE Engineering in Medicine and Biology Society}},
  Year                     = {2011}
}

@Article{sttt13,
  Title                    = {Closed-loop verification of medical devices with model abstraction and refinement},
  Author                   = {Jiang, Zhihao and Pajic, Miroslav and Alur, Rajeev and Mangharam, Rahul},
  Journal                  = {International Journal on Software Tools for Technology Transfer},
  Year                     = {2013},
  Pages                    = {1-23}
}

@InProceedings{vhm_ecrts10,
  Title                    = {{Real-Time Heart Model for Implantable Cardiac Device Validation and Verification}},
  Author                   = {Zhihao Jiang and Pajic, M. and Connolly, A. and Dixit, S. and Mangharam, R.},
  Booktitle                = {22nd Euromicro Conference on Real-Time Systems (ECRTS)},
  Year                     = {2010},
  Month                    = {July},
  Pages                    = {239 -248}
}

@Misc{vhm_report,
  Title                    = {{Virtual Heart Model, Technical Report ESE-2010-01}},

  Author                   = {Z. Jiang and M. Pajic and A. Connolly and S. Dixit and R. Mangharam},
  Year                     = {2010}
}

@InProceedings{vhm_iccps11,
  Title                    = {{Model-based Closed-loop Testing of Implantable Pacemakers}},
  Author                   = {Z. Jiang and M. Pajic and R. Mangharam},
  Booktitle                = {{ICCPS'11: ACM/IEEE 2nd Intl. Conf. on Cyber-Physical Systems}},
  Year                     = {2011}
}

@Article{VHM_proc,
  Title                    = {{Cyber-Physical Modeling of Implantable Cardiac Medical Devices}},
  Author                   = {Zhihao Jiang and Miroslav Pajic and Rahul Mangharam},
  Journal                  = {{Proceeding of IEEE Special Issue on Cyber-Physical Systems}},
  Year                     = {2011}
}

@Misc{code_download,
  Title                    = {{Pacemaker UPPAAL model download: http://www.seas.upenn.edu/$\sim$ zhihaoj/VHM/PM\_verify.zip}},

  Author                   = {Zhihao Jiang and Miroslav Pajic and Salar Moarref and Rajeev Alur and Rahul Mangharam}
}

@Article{verification_report,
  Title                    = {{DDD Pacemaker Verification Report, University of Pennsylvania}},
  Author                   = {Z. Jiang and M. Pajic and S. Moarref and R. Alur and R. Mangharam},
  Year                     = {2011}
}

@Book{josephson,
  Title                    = {{Clinical Cardiac Electrophysiology}},
  Author                   = {M.E. Josephson},
  Publisher                = {Lippincot Williams and Wilkins},
  Year                     = {2008}
}

@InProceedings{alur_cade09,
  Title                    = {{Generating and Analyzing Symbolic Traces of Simulink/Stateflow Models}},
  Author                   = {A. Kanade and R. Alur and F. Ivancic and S. Ramesh and S. Sankaranarayanan and K.C. Shashidhar},
  Booktitle                = {21st Intl. Conf. on Computer-Aided Verification},
  Year                     = {2008}
}

@Article{volkswagen,
  Title                    = {{AUTOSAR-Compliant Functional Modeling with MATLAB, Simulink, Stateflow and Real-Time Workshop Embedded Coder of a Serial Comfort Body Controller}},
  Author                   = {A. Kohler and T. Reck},
  Journal                  = {MathWorks Automotive Conference},
  Year                     = {2007}
}

@Article{uppaal,
  Title                    = {{Uppaal in a Nutshell}},
  Author                   = {K.G. Larsen and Paul Pettersson and Wang Yi},
  Journal                  = {International Journal on Software Tools for Technology Transfer (STTT)},
  Year                     = {1997}
}

@Article{pat-model,
  Title                    = {{High-Confidence Medical Device Software and Systems}},
  Author                   = {I. Lee and George J. Pappas and Rance Cleaveland and John Hatcliff and Bruce H. Krogh and Peter Lee and Harvey Rubin and Lui Sha},
  Journal                  = {IEEE Computer},
  Year                     = {2006},
  Number                   = {4},
  Pages                    = {139--148},
  Volume                   = {39}
}

@Book{neuro_pat,
  Title                    = {Method And Apparatus For Monitoring And Counteracting Excess Brain Electrical Energy To Prevent Epileptic Seizures And The Like},
  Author                   = {S. Liss},
  Publisher                = {U.S. Patent},
  Year                     = {1973}
}

@Article{medstats1,
  Title                    = {Recalls and Safety Alerts Involving Pacemakers and Implantable Cardioverter-Defibrillator Generators},
  Author                   = {W. H. Maisel and M. O. Sweeney and W. G. Stevenson and K.E. Ellison and L. M. Epstein},
  Journal                  = {J. American Med. Ass.},
  Year                     = {2001},
  Pages                    = {793-799},
  Volume                   = {286}
}

@Article{medstats,
  Title                    = {{Recalls and Safety Alerts involving Pacemakers and Implantable Cardioverter-Defibrillator Generators}},
  Author                   = {W. H. Maisel and M. O. Sweeney and W. G. Stevenson and K. E. Ellison and L. M. Epstein},
  Journal                  = {JAMA},
  Year                     = {2001},
  Number                   = {7},
  Volume                   = {286}
}

@Article{Malik,
  Title                    = {{Clinically Relevant Computer Model of Cardiac Rhythm and Pacemaker/Heart Interaction}},
  Author                   = {M. Malik and T. Cochrane and D. W. Davies and A. J. Camm},
  Journal                  = {Medical \& Biological Engineering \& Computing},
  Year                     = {1987},
  Volume                   = {25}
}

@Article{firefly,
  Title                    = {{FireFly: A Cross-layer Platform for Real-time Embedded Wireless Networks}},
  Author                   = {R. Mangharam and A. Rowe and R. Rajkumar},
  Journal                  = {Real-Time System Journal},
  Year                     = {2007},
  Number                   = {3},
  Pages                    = {183-231},
  Volume                   = {37}
}

@Article{Mery,
  Title                    = {{Pacemaker's Functional Behaviors in Event-B}},
  Author                   = {D. Mery and N. K. Singh},
  Journal                  = {{Research report, INRIA}},
  Year                     = {2009}
}

@Article{ion_model,
  Title                    = {{A Two-current Model for the Dynamics of Cardiac Membrane}},
  Author                   = {Colleen C. Mitchell and David G. Schaeffer},
  Journal                  = {Bulletin of Mathematical Biology},
  Year                     = {2003},
  Number                   = {5},
  Pages                    = {767 - 793},
  Volume                   = {65}
}

@Article{fda0,
  Title                    = {"Trends and events in FDA Regulation of Medial Devices over the last Fifty Years"},
  Author                   = {R. R. Munsey},
  Journal                  = {"Food and Drug Law Journal"},
  Year                     = {1995},
  Pages                    = {163-177},
  Volume                   = {50}
}

@Article{therac,
  Title                    = {{Investigation of the Therac-25 Accidents}},
  Author                   = {{N. G. Leveson and C. S. Turner}},
  Journal                  = {{IEEE Computer}},
  Year                     = {1993},
  Pages                    = {18-41}
}

@InProceedings{RTAS12,
  Title                    = {{From Verification to Implementation: A Model Translation Tool and a Pacemaker Case Study}},
  Author                   = {M. Pajic and Z. Jiang and O. Sokolsky and I. Lee and R. Mangharam},
  Booktitle                = {{18th IEEE Real-Time and Embedded Technology and Applications Symposium (IEEE RTAS)}},
  Year                     = {2012}
}

@Misc{pajic_report,
  Title                    = {Model-Driven Safety Analysis of Closed-Loop Medical Systems},

  Author                   = {Pajic, Miroslav and Mangharam, Rahul and Sokolsky, Oleg and Arney, David and Goldman, Julian M. and Lee, Insup},
  HowPublished             = {UPenn Technical Report},
  Year                     = {2011}
}

@Book{med5,
  Title                    = {{Mathematically Modeling the Electrical Activity of the Heart}},
  Author                   = {A. J. Pullan and Leo K. Cheng and Martin L. Buist},
  Publisher                = {World Scientific},
  Year                     = {2005}
}

@Article{codesonar,
  Title                    = {{Using Static Analysis to Evaluate Software in Medical Devices}},
  Author                   = {{R. Jetley and P. Anderson}},
  Journal                  = {{ Embedded Systems Design, UBM}},
  Year                     = {2008}
}

@InCollection{rushby,
  Title                    = {Verified Software: Theories, Tools, Experiments},
  Author                   = {Rushby, John},
  Publisher                = {Springer-Verlag},
  Year                     = {2008},
  Chapter                  = {Automated Test Generation and Verified Software},
  Pages                    = {161--172}
}

@Article{Rushby93formalmethods,
  Title                    = {{Formal Methods and the Certification of Critical Systems}},
  Author                   = {J. Rushby},
  Year                     = {1993}
}

@Article{killedbycode,
  Title                    = {{Killed by Code: Software Transparency in Implantable Medical Devices}},
  Author                   = {K. Sandler and L. Ohrstrom and R. McVay},
  Journal                  = { Software Freedom Law Center},
  Year                     = {2010}
}

@Article{icd,
  Title                    = {Current of Injury Predicts Adequate Active Lead Fixation in Permanent Pacemaker/Defibrillation Leads},
  Author                   = {S.J. Saxonhouse and J.B. Conti and A.B. Curis},
  Journal                  = {Journal of the American college of Cardiology},
  Year                     = {2005}
}

@Article{archimedes,
  Title                    = {{Archimedes: a new model for simulating health care systems--the mathematical formulation}},
  Author                   = {L. Schlessinger and DM. Eddy},
  Journal                  = {J Biomed Inform.},
  Year                     = {2002}
}

@Article{geometric,
  Title                    = {{Creation of a Human Heart, Model and its Customisation using Ultrasound Images}},
  Author                   = {R. Schulte and G. Sands and F. Sachse and O. Dossel and A. Pullan},
  Journal                  = {Biomedizinische Technik/Biomedical Engineering},
  Year                     = {2001},
  Pages                    = {26-28},
  Volume                   = {46}
}

@Article{recording,
  Title                    = {{Recording Techniques for Clinical Electrophysiology}},
  Author                   = {W. Stevenson and K. Soejima},
  Journal                  = {Journal of Cardiovascular Electrophysiology},
  Year                     = {2005},
  Pages                    = {1017-1022},
  Volume                   = {16},

  Issue                    = {9}
}

@Book{tabuada,
  Title                    = {{Verification and Control of Hybrid Systems }},
  Author                   = {P. Tabuada},
  Publisher                = {Springer},
  Year                     = {2008}
}

@Article{med-form1,
  Title                    = {{Improving medical protocols by formal methods}},
  Author                   = {Annette ten Teije et. al.},
  Journal                  = {Artificial Intelligence in Medicine},
  Year                     = {2006},
  Number                   = {3},
  Pages                    = {193 - 209},
  Volume                   = {36}
}

@Article{natalia,
  Title                    = {Advances in modeling ventricular arrhythmias: from mechanisms to the clinic},
  Author                   = {Trayanova, Natalia A. and Boyle, Patrick M.},
  Journal                  = {Wiley Interdisciplinary Reviews: Systems Biology and Medicine},
  Year                     = {2014},
  Number                   = {2},
  Pages                    = {209--224},
  Volume                   = {6},

  Publisher                = {John Wiley \& Sons, Inc.}
}

@Article{Tuan,
  Title                    = {{Modeling and Verification of Safety Critical Systems: A Case Study on Pacemaker}},
  Author                   = {L. A. Tuan and M. C. Zheng and Q. T. Tho},
  Journal                  = {{Fourth International Conference on Secure Software Integration and Reliability Improvement}},
  Year                     = {2010},
  Pages                    = {23-32}
}

@Article{trial_cost,
  Title                    = {{Human Subject Protection; Acceptance of Data from Clinical Studies for Medical Devices;
Proposed Rule}},
  Author                   = {{US FDA}},
  Year                     = {2013},

  Booktitle                = {Docket No. FDA- 2013-N-0080}
}

@Article{recall_stats,
  Title                    = {{Medical Device Recall Report FY2003 to FY2012}},
  Author                   = {{US FDA}},
  Year                     = {2012}
}

@Article{Virag,
  Title                    = {{A Computer Model of Cardiac Electrical Activity for the Simulation of Arrhythmias}},
  Author                   = {N. Virag and J Vesin and L. Kappenberger},
  Journal                  = {PACE},
  Year                     = {2006},
  Number                   = {11},
  Volume                   = {21}
}

@Book{med-book,
  Title                    = {{Medical Device Software Verification, Validation, and Compliance}},
  Author                   = {Vogel, D. A.},
  Publisher                = {Artech House},
  Year                     = {2010}
}

@Article{inverse,
  Title                    = {{Physiological-Model-Constrained Noninvasive Reconstruction of Volumetric Myocardial Tansmembrane Potentials}},
  Author                   = {L. Wang and H. Zhang and K. C. L. Wong and H. liu and P. Shi},
  Journal                  = {IEEE Tans on Biomedical engineering},
  Year                     = {2010}
}

@Article{Wei,
  Title                    = {{Computer Simulation of Supraventricular Tachycardia with the Wolff-Parksinson-White Syndrome using Three-dimensional Heart Models}},
  Author                   = {Daming Wei and Goichiro Yamada and Toshimitsu Musha et. al},
  Journal                  = {J. of Electrocardiology},
  Year                     = {1990},
  Number                   = {3},
  Volume                   = {23}
}

@Article{Wigg,
  Title                    = {{Feasibility of Formal Model Checking in the Vitatron Environment}},
  Author                   = {J. E. Wiggelinkhuizen},
  Journal                  = {{Master thesis, Eindhoven University of Technology}},
  Year                     = {2007}
}

@Article{spartan3,
  Title                    = {{Spartan-3 FPGA Datasheet}},
  Author                   = {Xilinx}
}

@Article{kronos,
  Title                    = {{Kronos: A Verification Tool for Real-time Systems.}},
  Author                   = {Sergio Yovine},
  Journal                  = {Journal on Software Tools for Technology Tansfer},
  Year                     = {1997}
}

@Book{cell2bed,
  Title                    = {{Cardiac Electrophysiology: From cell to bedside}},
  Author                   = {Zipes and Jalife},
  Publisher                = {Saunders},
  Year                     = {2004}
}

@Misc{AUTOSAR,
  Title                    = {{AUTOSAR website: www.autosar.org/}}
}

@Misc{AVSI,
  Title                    = {{AVSI website: http://www.avsi.aero}}
}

@Misc{challenge,
  Title                    = {{PACEMAKER System Specification. Boston Scientific. 2007.}}
}

@Article{freedic,
  Title                    = {{Medical dictionary: http://medical-dictionary .thefreedictionary .com}}
}

@Misc{nanork,
  Title                    = {{nano-RK Sensor RTOS. http://nanork.org}}
}

@Misc{pauljones,
  Title                    = {{Personal communication with Paul L. Jones, Senior Systems/Software Engineer, Office of Science and Engineering Laboratories, Center for Devices and Radiological Health, US FDA. August, 2010}}
}

@Misc{recalls,
  Title                    = {{List of Device Recalls, U.S. Food and Drug Admin., (last visited Jul. 19, 2010).}}
}

@Misc{sdv_website,
  Title                    = {Simulink Design Verifier 1.5. Mathworks}
}

@Misc{stateflow,
  Title                    = {{Matlab R2013a Documentation $\rightarrow$ Stateflow}},
  HowPublished             = {{http://www.mathworks.com /help/toolbox/stateflow}}
}

@Misc{vhm_website,
  Title                    = {{Virtual Heart Model website - http://mlab.seas.upenn.edu/vhm}}
}

@Misc{fda4,
  Title                    = {{US FDA, White Paper: Infusion Pump Improvement Initiative}},
  Year                     = {2010}
}

@Misc{sim2hdl,
  Title                    = {{Simulink HDL Coder 1.6. Mathworks}},
  Year                     = {2009}
}

@Misc{baxter,
  Title                    = {"Baxter International Inc. customer letter regarding recall of COLLEAGUE Triple Channel Volumetric Infusion Pumps"},
  Year                     = {2007}
}

@Article{compass,
  Title                    = {{The Compass - Technical Guide to Boston Scientific Cardiac Rhythm Management Products}},
  Year                     = {2007}
}

@Book{Vip,
  Title                    = {{Medtronic ViP-II Virtual Interactive Patient: User's Manual Software v1.5}},
  Publisher                = {Rivertek Medical Systems},
  Year                     = {2006}
}

@Misc{fda3,
  Title                    = {{US FDA, Guidance for the Content of Premarket Submissions for Software Contained in Medical Devices}},
  Year                     = {2005}
}

@Misc{fda1,
  Title                    = {{US FDA, General Principles of Software Validation; Final Guidance for Industry and FDA Staff}},
  Year                     = {2002}
}

@Misc{fda2,
  Title                    = {{US FDA, Design Control Guidance For Medical Device Manufacturers}},
  Year                     = {1997}
}

